@misc{verilator-intro,
    note = {\url{https://www.veripool.org/wiki/verilator} Last accessed Sat Jan 28 12:01:25 2017}
  }

@misc{verilator-instalacion,
    note = {\url{https://www.veripool.org/projects/verilator/wiki/Installing} Last accessed Sat Jan 28 12:25:07 2017}
  }

@book{spear08_system,
  author =       {Chris Spear},
  title =        {SystemVerilog for verification a guide to learning
                  the testbench language features},
  year =         2008,
  publisher =    {Springer},
  url =          {http://www.worldcat.org/oclc/261324813?referer=xid},
  city =         {New York, NY},
  ed =           {2nd ed.},
  form =         {BA DA},
  isbn =         {978-0-387-76530-3},
  lang =         {eng},
  lccn =         2008920031,
  oclcnum =      {261324813 300248210 422743793 437233316 466093491
                  864065843 874456136 880104219 213479582 254591847
                  271867182 710011408 730023142 837023173 873511732},
}


@misc{verilator-vs-comercial,
    note = {\url{https://www.veripool.org/wiki/veripool/Verilog_Simulator_Benchmarks} Last accessed Wed Feb  1 20:41:50 2017}
  }
